
@misc{AV08,
	author	= {A. Verhein, A. Simeon},
	TITLE	= {Werkzeugkasten Technische Berichte 1},
	year	= {2008},
}

@techreport{IsoCpp,
	author	= "JTC1 SC22 WG21 N 3092",
	title	= "Programming Languages -- C++",
	institution	= "ISO/IEC",
	type	= "Final Committee Draft", 
	number	= "N 3092",
	year	= "2010",
}

