
@inproceedings{Sommerlad:2008:RCR:1449814.1449817,
 author = {Sommerlad, Peter and Zgraggen, Guido and Corbat, Thomas and Felber, Lukas},
 title = {{Retaining comments when refactoring code}},
 booktitle = {Companion to the 23rd ACM SIGPLAN conference on Object-oriented programming systems languages and applications},
 series = {OOPSLA Companion '08},
 year = {2008},
 isbn = {978-1-60558-220-7},
 location = {Nashville, TN, USA},
 pages = {653--662},
 numpages = {10},
 url = {http://doi.acm.org/10.1145/1449814.1449817},
 doi = {http://doi.acm.org/10.1145/1449814.1449817},
 acmid = {1449817},
 publisher = {ACM},
 address = {New York, NY, USA},
 keywords = {code layout, comments, refactoring},
}

@Misc{COAST,
 author = {Huber, Marcel},
 title = {{Coast – C++ Open Application Server Toolkit}},
 howpublished = {personal communication},
 institution = {Institute For Software (IFS) at Hochschule Rapperswil (HSR)},
 note = {also known as WebDisplay2 \url{http://wiki.hsr.ch/APF/files/WebDisplay2_Architecture.pdf}},
 year = 2010,
}

@MISC{GB06,
 author = "Büttiker, Leo and Graf, Emanuel",
 title = "C++ Refactoring Support für Eclipse-CDT",
 year = "2006",
 howpublished = "\url{http://ifsoftware.ch/uploads/tx_icscrm/i_da_2006_refactoring_support_fuer_eclipse_cdt_leo_buettiker_emanuel_graf.pdf}",
 note = "[Online; accessed 13-December-2010]",
}

@misc{AV08,
 author	= {A. Verhein, A. Simeon},
 title  = {{Werkzeugkasten Technische Berichte 1}},
 year   = {2008},
}

@book{IsoCpp,
 author = {ISO/IEC JTC1 SC22 WG21 N 3092},
 publisher = {{International Organization for Standardization, Geneva, Switzerland}},
 month = {March},
 title = {{IS 14882: Programming Languages -- C++}}, 
 type = {Draft International Standard},
 year = {2010},
}

@book{FOW99,
 author = {Martin Fowler},
 title = {{Refactoring, Improving the Design of Existing Code}},
 publisher = {Addison-Wesley},
 year = {1999},
}

@misc{ext03,
 author = {Sutter, Herb and Plum, Tom},
 month = {March},
 year = {2003},
 title = {{Why We Can't Afford Export}}, 
 number = {SC22/WG21/N1426 J16/03-0008},
 howpublished = {\url{http://www.open-std.org/jtc1/sc22/wg21/docs/papers/2003/n1426.pdf}}
}

@manual{GCC,
 title = {{Nested Functions - Using the GNU Compiler Collection (GCC)}}, 
 organization = {{Free Software Foundation}},
 year = {2010},
 howpublished = {\url{http://gcc.gnu.org/onlinedocs/gcc/Nested-Functions.html}},
 note = "[Online; accessed 24-December-2010]",
}

@misc{cwiki,
 year = {2010},
 title = {{Too Many Parameters}},
 howpublished = {http://c2.com/cgi/wiki?TooManyParameters},
 note = "[Online; accessed 19-December-2010]",
}

@misc{assist,
 year = {2010},
 title = {{Content Assist}},
 howpublished = {\url{http://help.eclipse.org/help32/topic/org.eclipse.platform.doc.isv/guide/editors\_contentassist.htm}},
 note = "[Online; accessed 20-December-2010]",
}

@misc{usageData,
 howpublished = {\url{http://www.eclipse.org/org/usagedata/results.php}},
 year = {2010},
 title = {{Usage Data Collector Results}},
 note = "[Online; accessed 16-December-2010]",
}

@misc{GIT,
 howpublished = {\url{http://www.kernel.org/pub/software/scm/git/}},
 year = {2010},
 title = {{Download page for Git version control system (Version 1.7.0)}},
 note = "[Online; accessed 16-December-2010]",
}

@misc{eclEmma,
 howpublished = {\url{http://www.eclemma.org}},
 year = {2010},
 title = {{EclEmma -- Java Code Coverage for Eclipse (Version 1.5.1)}},
 note = "[Online; accessed 17-December-2010]",
}

@article{ltk,
 author = {{Frenzel, Leif}},
 month = {January},
 year = {2006},
 journal = "Eclipse Magazin",
 volume  = "5",
 title = {{The Language Toolkit: An API for Automated Refactorings in Eclipse-based IDEs}},
 note = {see \url{http://www.eclipse.org/articles/Article-LTK/ltk.html}},
}

@misc{tycho,
 howpublished = {\url{http://tycho.sonatype.org/}},
 year = {2010},
 title = {{Tycho -- Sonatype (Version part of Maven 3)}},
 note = "[Online; accessed 17-December-2010]",
}

@misc{maven,
 howpublished = {\url{http://maven.apache.org/}},
 year = {2010},
 title = {{Apache Maven (Version 3.0-beta3)}},
 note = "[Online; accessed 16-December-2010]",
}

@misc{hudson,
 howpublished = {\url{http://hudson-ci.org/}},
 year = {2010},
 title = {{Hudson -- Extensible continuous integration server (Version 1.352)}},
 note = "[Online; accessed 17-December-2010]",
}

@misc{redmine,
 howpublished = {\url{http://www.redmine.org/}},
 year = {2010},
 title = {{Redmine -- Project Management Web Application (Version 0.9.3-1)}},
 note = "[Online; accessed 22-December-2010]",
}

@misc{xvfb,
 howpublished = {\url{http://www.x.org/archive/X11R6.8.1/doc/Xvfb.1.html}},
 year = {2010},
 title = {{Xvfb -- virtual framebuffer X server for X Version 11}},
 note = "[Online; accessed 22-December-2010]",
}

@book{Refactoring,
    author    = "Fowler, Martin",
    title     = "Refactoring -- Improving the Design of Existing Code",
    publisher = "Addison Wesley",
    series   = "Object Technology Series",
    year      = "1999",
    month    = "October",
}

@misc{Webkit,
 howpublished = {\url{http://webkit.org/}},
 year = {2010},
 title = {{The WebKit Open Source Project (Version SVN head: r71799)}},
 note = "[Online; accessed 22-December-2010]",
}

@misc{Doxygen,
 howpublished = {\url{http://www.doxygen.org/}},
 year = {2010},
 title = {{Doxygen -- Generate documentation from source code}},
 note = "[Online; accessed 21-December-2010]",
}

@misc{JUnit,
 howpublished = {\url{http://www.junit.org/}},
 year = {2010},
 title = {{JUnit.org -- Resources for Test Driven Development}},
 note = "[Online; accessed 21-December-2010]",
}

@misc{SVN,
 howpublished = {\url{http://subversion.apache.org/}},
 year = {2010},
 title = {{Apache Subversion}},
 note = "[Online; accessed 22-December-2010]",
}

